@misc{noauthor_firstskill_nodate,
	title = {Developing Your First Skill},
	url = {https://developer.amazon.com/es-ES/docs/alexa/alexa-skills-kit-sdk-for-java/develop-your-first-skill.html},
	urldate = {2018-03-30}
}